<?xml version="1.0" encoding="UTF-8"?><collection xmlns="http://www.loc.gov/MARC21/slim"><record><leader>00593nam--2200181-u-4500</leader><controlfield tag="001">000053816</controlfield><controlfield tag="002">20161230</controlfield><controlfield tag="005">20161230201051</controlfield><controlfield tag="008">110622s1000------------r-----000-0-ger-d</controlfield><datafield ind1=" " ind2=" " tag="040"><subfield code="a">IFIN-HH</subfield></datafield><datafield ind1=" " ind2=" " tag="041"><subfield code="a">ger</subfield></datafield><datafield ind1=" " ind2=" " tag="080"><subfield code="a">538.95(043)</subfield></datafield><datafield ind1="1" ind2=" " tag="100"><subfield code="a">Liebegall, Martin-alexander</subfield></datafield><datafield ind1="1" ind2="0" tag="245"><subfield code="a">Quasiresonanter faraday - effekt, interbandmagneto - absorption und reflexion und shubnikov - de haas - effekt am pbse and pb0,93sn0,07se</subfield><subfield code="b">Dissertation</subfield><subfield code="c">Martin-alexander liebegall</subfield></datafield><datafield ind1=" " ind2=" " tag="260"><subfield code="a">Berlin</subfield><subfield code="b">Universitat</subfield><subfield code="c">1979</subfield></datafield><datafield ind1=" " ind2=" " tag="300"><subfield code="a">126P</subfield></datafield><datafield ind1=" " ind2=" " tag="852"><subfield code="a">46994</subfield><subfield code="c">537:538</subfield></datafield><datafield ind1=" " ind2=" " tag="CAT"><subfield code="a">Sys</subfield><subfield code="c">20110622</subfield><subfield code="h">152652</subfield></datafield></record></collection>